<collection xmlns="http://www.loc.gov/MARC21/slim">
<record>
  <leader>01209nam0a2200265 i 450 </leader>
  <controlfield tag="001">IT\ICCU\CNCE\002852</controlfield>
  <controlfield tag="005">20080529000000.0</controlfield>
  <datafield tag="012" ind1=" " ind2=" ">
    <subfield code="a">i.in rehe a.ie mefe (3) 1544 (R)</subfield>
    <subfield code="2">fei</subfield>
  </datafield>
  <datafield tag="100" ind1=" " ind2=" ">
    <subfield code="a">19970101d1544        0itac0103    ba</subfield>
  </datafield>
  <datafield tag="101" ind1=" " ind2=" ">
    <subfield code="a">ITA</subfield>
  </datafield>
  <datafield tag="102" ind1=" " ind2=" ">
    <subfield code="a">IT</subfield>
  </datafield>
  <datafield tag="200" ind1="1" ind2=" ">
    <subfield code="a">Aristippia. Comedia chiamata Aristippia</subfield>
  </datafield>
  <datafield tag="210" ind1=" " ind2=" ">
    <subfield code="d">1544</subfield>
    <subfield code="e">Stampata nella inclitta e famosissima citta de Milano</subfield>
    <subfield code="g">per Io. Antonio da Borgho</subfield>
  </datafield>
  <datafield tag="215" ind1=" " ind2=" ">
    <subfield code="a">XXXIV c.</subfield>
    <subfield code="d">4ʻ</subfield>
  </datafield>
  <datafield tag="500" ind1="1" ind2="1">
    <subfield code="3">IT\ICCU\CNCE\073142</subfield>
    <subfield code="a">Aristippia</subfield>
  </datafield>
  <datafield tag="620" ind1=" " ind2=" ">
    <subfield code="a">IT</subfield>
    <subfield code="d">Milano</subfield>
  </datafield>
  <datafield tag="712" ind1="0" ind2="0">
    <subfield code="a">Borgo, Giovanni Antonio</subfield>
    <subfield code="3">IT\ICCU\CNCT\000048</subfield>
    <subfield code="4">650</subfield>
  </datafield>
  <datafield tag="791" ind1="0" ind2="0">
    <subfield code="a">Borgio, Antonio</subfield>
    <subfield code="3">IT\ICCU\CNCT\003623</subfield>
    <subfield code="z">Borgo, Giovanni Antonio</subfield>
  </datafield>
  <datafield tag="791" ind1="0" ind2="0">
    <subfield code="a">Burgius, Antonius</subfield>
    <subfield code="3">IT\ICCU\CNCT\004753</subfield>
    <subfield code="z">Borgo, Giovanni Antonio</subfield>
  </datafield>
  <datafield tag="791" ind1="0" ind2="0">
    <subfield code="a">Borgia, Giovanni Antonio</subfield>
    <subfield code="3">IT\ICCU\CNCT\004754</subfield>
    <subfield code="z">Borgo, Giovanni Antonio</subfield>
  </datafield>
  <datafield tag="791" ind1="0" ind2="0">
    <subfield code="a">Burgo, Ioannes Antonius de</subfield>
    <subfield code="3">IT\ICCU\CNCT\004755</subfield>
    <subfield code="z">Borgo, Giovanni Antonio</subfield>
  </datafield>
  <datafield tag="791" ind1="0" ind2="2">
    <subfield code="a">Ioannes Antonio da Borgho</subfield>
    <subfield code="3">IT\ICCU\CNCT\004756</subfield>
    <subfield code="z">Borgo, Giovanni Antonio</subfield>
  </datafield>
  <datafield tag="801" ind1=" " ind2="3">
    <subfield code="a">IT</subfield>
    <subfield code="b">ICCU</subfield>
    <subfield code="c">20201113</subfield>
  </datafield>
  <datafield tag="899" ind1=" " ind2=" ">
    <subfield code="a">Archivio storico civico e Biblioteca Trivulziana. Milano</subfield>
    <subfield code="1">MI0327</subfield>
    <subfield code="2">LO1 13</subfield>
  </datafield>
  <datafield tag="899" ind1=" " ind2=" ">
    <subfield code="a">Biblioteca oratoriana del Monumento nazionale dei Girolamini. Napoli</subfield>
    <subfield code="1">NA0075</subfield>
    <subfield code="2">NAP GE</subfield>
  </datafield>
</record>
</collection>
